<?xml version="1.0" encoding="UTF-8"?><collection><record><leader>04207ntm a2200529 a 4500</leader><controlfield tag="001">006796309</controlfield><controlfield tag="003">MiAaHDL</controlfield><controlfield tag="005">20190719000000.0</controlfield><controlfield tag="006">m        d        </controlfield><controlfield tag="007">cr bn ---auaua</controlfield><controlfield tag="008">090521q17801781tu            00| ||ara d</controlfield><datafield tag="035" ind1=" " ind2=" "><subfield code="a">(MiU)006796309</subfield></datafield><datafield tag="035" ind1=" " ind2=" "><subfield code="a">sdr-miu006796309</subfield></datafield><datafield tag="040" ind1=" " ind2=" "><subfield code="a">MiU</subfield><subfield code="c">MiU</subfield><subfield code="e">amremm</subfield></datafield><datafield tag="043" ind1=" " ind2=" "><subfield code="a">n-us-mi</subfield></datafield><datafield tag="245" ind1="0" ind2="0"><subfield code="6">880-03</subfield><subfield code="a">[Calligraphic specimen,</subfield><subfield code="f">1195, i.e. 1780 or 1781].</subfield></datafield><datafield tag="260" ind1=" " ind2=" "><subfield code="a">[Istanbul?,</subfield><subfield code="c">1780 or 1781].</subfield></datafield><datafield tag="300" ind1=" " ind2=" "><subfield code="a">11 panels :</subfield><subfield code="f">paper ;</subfield><subfield code="c">170 x 245 (110 x 183) mm.</subfield></datafield><datafield tag="500" ind1=" " ind2=" "><subfield code="a">Shelfmark: Ann Arbor, University of Michigan, Special Collections Library, Isl. Ms. 240</subfield></datafield><datafield tag="500" ind1=" " ind2=" "><subfield code="a">Origin: As appears at close, executed by Mustafa el-Haşimî known as Kadızade in 1195 [1780 or 1].</subfield></datafield><datafield tag="500" ind1=" " ind2=" "><subfield code="a">Former shelfmark: "550 T. D. M. [i.e. Tammaro De Marinis]" in pencil on upper board lining ; "107" in pencil on recto of opening panel.</subfield></datafield><datafield tag="500" ind1=" " ind2=" "><subfield code="a">Binding: Pasteboards faced in gold-flecked, pale yellow paper and framed in tan leather (covering board edges / turn-ins and likely spine at one time) now with dark purple leather (and Japanese paper repair) over spine (leather edged framed binding) ; Type III binding (without flap) ; opens vertically ; board linings in magenta paper ; gold rule-borders on leather edging ; overall in fairly good condition ; repairs in Japanese paper ; occasional repair to hinges in same dark purple leather.</subfield></datafield><datafield tag="500" ind1=" " ind2=" "><subfield code="a">Support: Written area on well-burnished laid paper, pieced, set into an elaborate frame in several different laid papers (pale peach-tinted, pink-tinted, light blue-tinted, orange-tinted, etc. with colors of facing panels matching) and mounted.</subfield></datafield><datafield tag="500" ind1=" " ind2=" "><subfield code="a">Decoration: Written area (and divisions within) surrounded by gold frame set off by black and white fillets ; written area set into a frame of tinted paper (colors of facing panels match).</subfield></datafield><datafield tag="500" ind1=" " ind2=" "><subfield code="a">Script: Fine specimen of Ottoman calligraphy ; in thuluth (sülüs) and naskh (nesih).</subfield></datafield><datafield tag="500" ind1=" " ind2=" "><subfield code="a">Layout: Written in four lines per page ; two large lines thuluth and two smaller centered lines in naskh, constituting two distinct streams of text</subfield></datafield><datafield tag="500" ind1=" " ind2=" "><subfield code="a">Collation: Eleven 'panels' hinged together with tan leather.</subfield></datafield><datafield tag="500" ind1=" " ind2=" "><subfield code="a">Colophon: "مشقه اضعف العباد السيد مصطفى الهاشمى المعروف بقاضى زاده سنه ١١٩٥ه"</subfield></datafield><datafield tag="500" ind1=" " ind2=" "><subfield code="a">Explicit: "وتبارك اسمك وتعالى جدك وجد ثناؤك ولا اله غيرك"</subfield></datafield><datafield tag="500" ind1=" " ind2=" "><subfield code="a">Incipit: "رب يسر ولا تعسر رب تمم بالخير ا ب ت ج ح د ز ذ ر س ش ص ط ع و ..."</subfield></datafield><datafield tag="500" ind1=" " ind2=" "><subfield code="a">Title supplied by cataloguer.</subfield></datafield><datafield tag="500" ind1=" " ind2=" "><subfield code="a">Ms. codex.</subfield></datafield><datafield tag="510" ind1="4" ind2=" "><subfield code="a">Derman, M. Uğur. "The Art of Turkish calligraphy." In Letters in gold : Ottoman calligraphy from the Sakıp Sabancı collection, Istanbul. (New York : Metropolitian Museum of Art : Distributed by H.N. Abrams, c1998):</subfield><subfield code="c">2-44.</subfield></datafield><datafield tag="520" ind1="8" ind2=" "><subfield code="a">Fine album of calligraphy (muraqqaʻ / murakkaa) in this case a meșk murakkaa or album of meșkler (exercises) employing first (in seventeen kıt'alar) the principal alphabetic exercises (müfredat) and closing with three kıt'alar of mürekkebat exercises employing the alpha-numeric system (abjad / abced hesabı) and a prayer.</subfield></datafield><datafield tag="538" ind1=" " ind2=" "><subfield code="a">Mode of access: Internet.</subfield></datafield><datafield tag="541" ind1=" " ind2=" "><subfield code="c">Purchase ;</subfield><subfield code="a">Acquired by purchase (funds donated by Horace Rackham).</subfield><subfield code="d">1924.</subfield></datafield><datafield tag="546" ind1=" " ind2=" "><subfield code="a">Arabic.</subfield></datafield><datafield tag="561" ind1=" " ind2=" "><subfield code="a">Inscriptions in pencil "550 T. D. M. [i.e. Tammaro De Marinis]" on upper board lining and "39" on recto of opening panel ; clean copy.</subfield></datafield><datafield tag="650" ind1=" " ind2="0"><subfield code="a">Manuscripts, Arabic</subfield><subfield code="z">Michigan</subfield><subfield code="z">Ann Arbor.</subfield></datafield><datafield tag="650" ind1=" " ind2="0"><subfield code="a">Islamic calligraphy</subfield><subfield code="v">Specimens.</subfield></datafield><datafield tag="650" ind1=" " ind2="0"><subfield code="a">Writing, Arabic</subfield><subfield code="v">Specimens.</subfield></datafield><datafield tag="650" ind1=" " ind2="0"><subfield code="a">Calligraphy, Arabic</subfield><subfield code="v">Specimens.</subfield></datafield><datafield tag="700" ind1="0" ind2=" "><subfield code="6">880-07</subfield><subfield code="a">Kadızade Mustafa Haşimî,</subfield><subfield code="d">fl. 1780,</subfield><subfield code="e">calligrapher.</subfield></datafield><datafield tag="700" ind1="0" ind2=" "><subfield code="a">Abdülhamid</subfield><subfield code="b">II,</subfield><subfield code="c">Sultan of the Turks,</subfield><subfield code="d">1842-1918,</subfield><subfield code="e">former owner.</subfield></datafield><datafield tag="773" ind1="0" ind2=" "><subfield code="a">Abdul Hamid Collection.</subfield></datafield><datafield tag="880" ind1="0" ind2=" "><subfield code="6">700-07/</subfield><subfield code="a">قاضى زاده مصطفى الهاشمى،</subfield><subfield code="e">خطاط.</subfield></datafield><datafield tag="880" ind1="0" ind2="0"><subfield code="6">245-03/</subfield><subfield code="a">[مرقع حسن الخط,</subfield><subfield code="f">1195ه، 1780 او 1781م].</subfield></datafield><datafield tag="CID" ind1=" " ind2=" "><subfield code="a">006796309</subfield></datafield><datafield tag="DAT" ind1="0" ind2=" "><subfield code="a">20190719102636.0</subfield><subfield code="b">20190719000000.0</subfield></datafield><datafield tag="DAT" ind1="1" ind2=" "><subfield code="a">20190719090653.0</subfield><subfield code="b">2019-07-19T16:11:16Z</subfield></datafield><datafield tag="DAT" ind1="2" ind2=" "><subfield code="a">2015-10-10T18:00:06Z</subfield></datafield><datafield tag="CAT" ind1=" " ind2=" "><subfield code="a">SDR-MIU</subfield><subfield code="d">EX LIBRIS - ALEPH</subfield><subfield code="l">prepare.pl-004-008</subfield></datafield><datafield tag="FMT" ind1=" " ind2=" "><subfield code="a">BK</subfield></datafield><datafield tag="HOL" ind1=" " ind2=" "><subfield code="0">sdr-miu006796309</subfield><subfield code="a">MiU</subfield><subfield code="b">SDR</subfield><subfield code="c">MIU</subfield><subfield code="p">mdp.39015088423093</subfield><subfield code="s">MIU</subfield><subfield code="1">006796309</subfield></datafield><datafield tag="974" ind1=" " ind2=" "><subfield code="b">MIU</subfield><subfield code="c">MIU</subfield><subfield code="d">20190719</subfield><subfield code="s">lit-dlps-dc</subfield><subfield code="u">mdp.39015088423093</subfield><subfield code="y">1781</subfield><subfield code="r">pd</subfield><subfield code="q">bib</subfield><subfield code="t">non-US bib date2 &lt; 1879</subfield></datafield></record></collection>